<?xml version="1.0" encoding="UTF-8"?><record xmlns="http://www.loc.gov/MARC21/slim" xmlns:cinclude="http://apache.org/cocoon/include/1.0" xmlns:zs="http://www.loc.gov/zing/srw/">
  <leader>01051cz  a2200193n  4500</leader>
  <controlfield tag="001">n  98067650 </controlfield>
  <controlfield tag="003">DLC</controlfield>
  <controlfield tag="005">20130316092950.0</controlfield>
  <controlfield tag="008">980728n| acannaabn          |a ana      </controlfield>
  <datafield tag="010" ind1=" " ind2=" ">
    <subfield code="a">n  98067650 </subfield>
  </datafield>
  <datafield tag="035" ind1=" " ind2=" ">
    <subfield code="a">(OCoLC)oca04782019</subfield>
  </datafield>
  <datafield tag="040" ind1=" " ind2=" ">
    <subfield code="a">DLC</subfield>
    <subfield code="b">eng</subfield>
    <subfield code="c">DLC</subfield>
    <subfield code="d">DLC</subfield>
    <subfield code="d">WaU</subfield>
    <subfield code="d">MWA</subfield>
    <subfield code="d">DLC</subfield>
  </datafield>
  <datafield tag="046" ind1=" " ind2=" ">
    <subfield code="k">17900802</subfield>
  </datafield>
  <datafield tag="110" ind1="1" ind2=" ">
    <subfield code="a">Creek Nation.</subfield>
    <subfield code="t">Treaties, etc.</subfield>
    <subfield code="g">United States,</subfield>
    <subfield code="d">1790 August 2</subfield>
  </datafield>
  <datafield tag="410" ind1="1" ind2=" ">
    <subfield code="w">nnea</subfield>
    <subfield code="a">Creek Nation.</subfield>
    <subfield code="t">Treaties, etc.</subfield>
    <subfield code="g">United States,</subfield>
    <subfield code="d">1790 Aug. 2</subfield>
  </datafield>
  <datafield tag="410" ind1="1" ind2=" ">
    <subfield code="a">United States.</subfield>
    <subfield code="t">Treaties, etc.</subfield>
    <subfield code="g">Creek Nation,</subfield>
    <subfield code="d">1790 August 2</subfield>
  </datafield>
  <datafield tag="667" ind1=" " ind2=" ">
    <subfield code="a">THIS 1XX FIELD CANNOT BE USED UNDER RDA UNTIL THIS RECORD HAS BEEN REVIEWED AND/OR UPDATED</subfield>
  </datafield>
  <datafield tag="670" ind1=" " ind2=" ">
    <subfield code="a">NUCMC data from Univ. of West Florida, Special Collections Dept. for Treaty with the Creeks August 7, 1790</subfield>
  </datafield>
  <datafield tag="670" ind1=" " ind2=" ">
    <subfield code="a">Martin, J.W. Sacred revolt, 1991:</subfield>
    <subfield code="b">p. 84 (Muskogees repressed their internal disputes, united under great chief, McGillivray, and decided to negotiate with U.S. federal government; 1790 McGillivray and others traveled to New York and signed treaty with President George Washington)</subfield>
  </datafield>
</record>